<?xml version="1.0" encoding="UTF-8"?><collection xmlns="http://www.loc.gov/MARC21/slim"><record><leader>00572nam--2200181-i-4500</leader><controlfield tag="001">000013409</controlfield><controlfield tag="002">20161230</controlfield><controlfield tag="005">20161230201030</controlfield><controlfield tag="008">060222s1000------------r-----000-0-fre-d</controlfield><datafield ind1=" " ind2=" " tag="040"><subfield code="a">IFIN-HH</subfield></datafield><datafield ind1=" " ind2=" " tag="041"><subfield code="a">fre</subfield></datafield><datafield ind1=" " ind2=" " tag="080"><subfield code="a">539.162.8:539.126.343(043)</subfield></datafield><datafield ind1="1" ind2=" " tag="100"><subfield code="a">David, Marc</subfield></datafield><datafield ind1="1" ind2="0" tag="245"><subfield code="a">Etude experimentale et utilisation dans une analyse en dephasage (pi pi) de la reaction (pi-p - pi0 pi0 n) a l'impulsion incidente de 2,01 gev/c</subfield><subfield code="b">These</subfield><subfield code="c">Marc david</subfield></datafield><datafield ind1=" " ind2=" " tag="260"><subfield code="a">Paris</subfield><subfield code="b">Universite</subfield><subfield code="c">1978</subfield></datafield><datafield ind1=" " ind2=" " tag="300"><subfield code="a">69P</subfield></datafield><datafield ind1=" " ind2=" " tag="852"><subfield code="a">48625</subfield><subfield code="c">539.16</subfield></datafield><datafield ind1=" " ind2=" " tag="CAT"><subfield code="a">Sys</subfield><subfield code="c">20120515</subfield><subfield code="h">163441</subfield></datafield></record></collection>